%Referências da INTRODUÇÃO

@misc{BBC2023,
    author = {BBC News Brasil BBC},
    title = {Como agro e mineração superaram a manufatura no PIB brasileiro pela primeira vez em décadas},
    year = {2023},
    url = {https://www.bbc.com/portuguese/articles/cxr0vlvqdgqo},
    note = {Acesso em: 20 abr. 2025}
}

@misc{IBRAM2020,
    author = {Instituto Brasileiro de Mineração IBRAM},
    title = {Relatório Anual de Atividades: Mineração Brasileira},
    year = {2020},
    url = {https://ibram.org.br/publicacoes/},
    note = {Acesso em: 20 abr. 2025}
}

@techreport{EPA2019,
    author = {Environmental Protection Agency EPA},
    title = {Management of Mining Waste: Technical Guidelines},
    institution = {EPA},
    year = {2019},
    address = {Washington, DC},
    type = {Technical Report},
    number = {EPA-542-R-19-003}
}

@techreport{ICMM2021,
    author = {International Council on Mining and Metals ICMM},
    title = {Global Industry Standard on Tailings Management},
    year = {2021},
    url = {https://www.icmm.com/en-gb/our-work/environmental-resilience/tailings},
    note = {Acesso em: 20 abr. 2025}
}

@techreport{ipea2017boletim,
  title={Boletim Regional, Urbano e Ambiental (BRU)},
  author={Instituto de Pesquisa Econômica Aplicada IPEA},
  institution={Diretoria de Estudos e Políticas Regionais, Urbanas e Ambientais (Dirur)},
  number={16},
  year={2017},
  month={jan./jun.},
  url = {https://repositorio.ipea.gov.br/handle/11058/7916},
  note = {Acesso em: 08 mai. 2025}
}

% Referência da REVISÃO BIBLIOGRÁFICA
% Artigos
@article{carvalho2012dependencia,
  title={A dependência da arrecadação do município de Ouro Preto do setor mineral},
  author={Carvalho, Celso Guimarães and Silva, José Margarida da and Curi, Adilson and Flores, José Cruz do Carmo},
  journal={Revista Escola de Minas},
  volume={65},
  number={3},
  year={2012},
  publisher={SciELO Brasil},
  url={https://www.scielo.br/j/rem/a/JY6LcTRRJy9mhK3k5Ysgqvc/},
  urlaccessdate={27 abr. 2025}
}

@article{cardozo2017metodos,
  title={Métodos construtivos de barragens de rejeitos de mineração -- Uma revisão},
  author={Cardozo, Fernando Alves Cantini and Pimenta, Matheus Montes and Zingano, André Cezar},
  journal={HOLOS},
  volume={8},
  pages={77--85},
  year={2017},
  publisher={Instituto Federal de Educação, Ciência e Tecnologia do Rio Grande do Norte},
  doi={10.15628/holos.2016.5367},
  url={https://www2.ifrn.edu.br/ojs/index.php/HOLOS/article/view/5367},
  urlaccessdate={7 maio 2025}
}

@article{carvalho2014minerio,
  title={Minério de ferro},
  author={Carvalho, P. L. and others},
  journal={BNDES Setorial},
  number={39},
  pages={197--234},
  year={2014},
  publisher={BNDES},
  url={https://web.bndes.gov.br/bib/jspui/bitstream/1408/4802/1/BS%2039%20min%c3%a9rio%20de%20ferro_P.pdf},
  urlaccessdate={07 mai. 2025}
}

@article{carvalho2018sustentabilidade,
  title={Sustentabilidade socioambiental da mineração},
  author={Carvalho, Pedro Sérgio Landim de and Mesquita, Pedro Paulo Dias and Regis, Rafael Dirques David and Meirellis, Thamyris de Lima},
  journal={BNDES Setorial},
  number={47},
  pages={333--390},
  year={2018},
  url={https://web.bndes.gov.br/bib/jspui/bitstream/1408/15361/1/BS47__Mineracao__FECHADO.pdf},
  urlaccessdate={27 abr. 2025}
}

@article{domingues2022historia,
  title={História da mineração no território brasileiro: uma análise dos tratados políticos que legislam a atividade mineradora (1934-1967)},
  author={Domingues, Gustavo Fernandes},
  journal={Revista Ensaios de História},
  volume={23},
  number={1},
  year={2022},
  url={https://periodicos.franca.unesp.br/index.php/ensaiosdehistoria/article/view/3881/3261},
  urlaccessdate={27 abr. 2025}
}

@article{fonseca2024resultados,
  title={Os resultados da mineração no ano de 2023 conforme dados do IBRAM},
  author={Fonseca, Enio},
  journal={Synergia Editora},
  year={2024},
  month={feb},
  day={1},
  url={https://synergiaeditora.com.br/os-resultados-da-mineracao-no-ano-de-2023-conforme-dados-do-ibram/},
  urlaccessdate={2 jul. 2024}
}

% Livros
@book{araoz2020mineracao,
  title={Mineração, genealogia do desastre: O extrativismo na América como origem da modernidade},
  author={Ar{\'a}oz, Machado Horacio},
  translator={Peres, João},
  publisher={Elefante},
  address={São Paulo},
  year={2020}
}

@book{barreto2001mineracao,
  title={Mineração e desenvolvimento sustentável: desafios para o Brasil},
  author={Barreto, Maria Laura and others},
  edition={1},
  publisher={Editora Maria Laura Barreto},
  address={São Paulo},
  year={2001},
  pages={215},
  url={https://livroaberto.ibict.br/bitstream/123456789/922/1/mineracao_desenvolvimento_sustentavel.pdf},
  urlaccessdate={27 abr. 2025}
}

@book{fernandes2016mineracao,
  title={Mineração no Brasil: crescimento econômico e conflitos ambientais},
  author={Fernandes, Francisco Rego Chaves and Araujo, Eliane Rocha},
  year={2016},
  publisher={CETEM/MCTI},
  url={http://mineralis.cetem.gov.br/bitstream/cetem/1909/1/conflitos_ambientais_cap.2%20p65.pdf},
  urlaccessdate={27 abr. 2025}
}

@book{figueiroa1997ciencias,
  title={As ciências geológicas no Brasil: Uma história social e institucional, 1875-1934},
  author={Figueir{\^o}a, Silvia},
  publisher={HUCITEC},
  address={São Paulo},
  year={1997}
}

@incollection{fonseca2012progresso,
  title={Do progresso ao desenvolvimento no Brasil},
  author={Fonseca, Pedro C. D.},
  booktitle={A era Vargas: Desenvolvimento, economia e sociedade},
  editor={Bastos, Pedro P. Z. and Fonseca, Pedro C. D.},
  pages={51--68},
  year={2012},
  publisher={Editora Unesp},
  address={São Paulo},
  url={https://www.scielo.br/j/ecos/a/5NrXd8XXCZhtFshHQnzDNqp/},
  urlaccessdate={27 abr. 2025}
}

@book{freire2020rejeitos,
  title={Rejeitos de minério no Brasil: uma análise interdisciplinar},
  editor={Freire, Geovana Maria Cartaxo de Arruda and Vieira, Leonardo de Morais and Martins, Maria Ully Eduardo},
  publisher={Pimenta Cultural},
  address={São Paulo},
  year={2020},
  url={https://www.pimentacultural.com/wp-content/uploads/2024/05/eBook_Rejeitos-minerio-Brasil.pdf},
  urlaccessdate={07 mai. 2025}
}

@book{ibram2016gestao,
  title={Gestão e Manejo de Rejeitos da Mineração},
  author={Instituto Brasileiro de Mineração IBRAM},
  edition={1},
  publisher={IBRAM},
  address={Brasília},
  year={2016},
  url={https://ibram.org.br/wp-content/uploads/2021/02/Gestao-e-Manejo-de-Rejeitos-da-Mineracao-2016.pdf},
  urlaccessdate={07 mai. 2025}
}

@book{lins2000brasil,
  title={Brasil 500 anos. A construção do Brasil e da América Latina pela Mineração},
  author={Lins, Fernando Antonio de Freitas and Loureiro, Francisco Eduardo de Vries Lapido and Albuquerque, Gildo de Araújo Sá Cavalcanti},
  publisher={CETEM/MCTI},
  address={Rio de Janeiro},
  year={2000}
}

@book{svampa2019fronteiras,
  title={As fronteiras do neoextrativismo na América Latina: Conflitos socioambientais, giro ecoterritorial e novas dependências},
  author={Svampa, Maristela},
  translator={Azevedo, Lígia},
  publisher={Elefante},
  address={São Paulo},
  year={2019}
}

@book{villasboas1995mineracao,
  title={Mineração e Desenvolvimento Econômico: A questão nacional nas estratégias de desenvolvimento do setor mineral (1930-1964)},
  author={Villas-B{\^o}as, Ana Lúcia},
  publisher={CETEM/MCTI},
  address={Rio de Janeiro},
  year={1995},
  url={http://mineralis.cetem.gov.br/handle/cetem/278},
  urlaccessdate={27 abr. 2025}
}

% Relatórios Técnicos
@techreport{anm2023informe3,
  title={Informe Mineral - 3º Trimestre de 2023},
  author={Agência Nacional de Mineração ANM},
  institution={ANM},
  year={2023},
  pages={1--16},
  url={https://www.gov.br/anm/pt-br/assuntos/economia-mineral/publicacoes/informe-mineral/publicacoes-nacionais/informe_03tri2023.pdf},
  urlaccessdate={14 jun. 2024}
}

@techreport{anm2023informe4,
  title={Informe Mineral - 4º Trimestre de 2023},
  author={Agência Nacional de Mineração ANM},
  institution={ANM},
  year={2023},
  pages={1--18},
  url={https://www.gov.br/anm/pt-br/assuntos/economia-mineral/publicacoes/informe-mineral/publicacoes-nacionais/informe04tri2023.pdf},
  urlaccessdate={14 jun. 2024}
}

@techreport{anm2023anuario,
  title={Anuário Mineral Brasileiro: Principais Substâncias Metálicas},
  author={Agência Nacional de Mineração ANM},
  institution={ANM},
  year={2023},
  address={Brasília},
  url={https://www.gov.br/anm/pt-br/assuntos/economia-mineral/publicacoes/anuario-mineral/anuario-mineral-brasileiro/amb_2023.pdf},
  urlaccessdate={27 abr. 2025}
}

@techreport{anm2022anuario,
  title={Anuário Mineral Brasileiro 2022: prévia},
  author={Agência Nacional de Mineração ANM},
  institution={ANM},
  year={2022},
  address={Brasília},
  url={https://www.gov.br/anm/pt-br/assuntos/economia-mineral/publicacoes/anuario-mineral/anuario-mineral-brasileiro/PreviaAMB2022.pdf},
  urlaccessdate={15 jun. 2024}
}

@techreport{ibram2023coletiva,
  title={Coletiva de Imprensa: Resultados 1S23},
  author={Instituto Brasileiro de Mineração IBRAM},
  institution={IBRAM},
  address={Brasília},
  year={2023},
  url={https://ibram.org.br/wp-content/uploads/2023/07/20230718_Coletiva-de-Imprensa-Resultados-1S23_rev02.pdf},
  urlaccessdate={1 jul. 2024}
}

@techreport{ibram2024dados,
  title={Dados do setor mineral em 2024},
  author={Instituto Brasileiro de Mineração IBRAM},
  institution={IBRAM},
  address={Brasília},
  year={2024},
  url={https://ibram.org.br/wp-content/uploads/2025/02/DADOS_Setor-Mineral_2024_5FEV2025.pdf},
  urlaccessdate={27 abr. 2025}
}

@techreport{ibram2024numeros,
  title={Mineração em Números 2024},
  author={Instituto Brasileiro de Mineração IBRAM},
  institution={IBRAM},
  address={Brasília},
  year={2024},
  url={https://ibram.org.br/wp-content/uploads/2025/02/Mineracao-em-Numeros-2024.pdf},
  urlaccessdate={27 abr. 2025}
}

@techreport{leao2023extensao,
  title={A Extensão da Cadeia Produtiva da Economia Mineral no PIB Brasileiro - Sumário Executivo},
  author={Le{\~a}o, Rafael and Rabelo, Rodrigo},
  institution={IPEA},
  address={Rio de Janeiro},
  month={dec},
  year={2023},
  url={https://repositorio.ipea.gov.br/bitstream/11058/12702/1/TD_2950_web.pdf},
  urlaccessdate={27 abr. 2025}
}

@techreport{usgs2022iron,
  title={Iron Ore. Mineral Commodity Summaries 2022},
  author={U.S. Geological Survey USGS},
  institution={USGS},
  year={2022},
  url={https://pubs.usgs.gov/periodicals/mcs2022/mcs2022-iron-ore.pdf},
  urlaccessdate={14 jun. 2024}
}

@techreport{usgs2024iron,
  title={Iron Ore. Mineral Commodity Summaries 2024},
  author={U.S. Geological Survey USGS},
  institution={USGS},
  year={2024},
  url={https://pubs.usgs.gov/periodicals/mcs2024/mcs2024-iron-ore.pdf},
  urlaccessdate={14 jun. 2024}
}

% Teses e Dissertações
@mastersthesis{erazo2006selecao,
  title={Seleção de locais para barragens de rejeitos usando o método de análise hierárquica},
  author={Erazo Lozano, Fernando Arturo},
  school={Universidade de São Paulo},
  address={São Paulo},
  year={2006},
  type={Dissertação (Mestrado)},
  url={http://www.teses.usp.br/teses/disponiveis/3/3145/tde-14122006-123702/},
  urlaccessdate={07 maio 2025}
}

@mastersthesis{rocha2020impacto,
  title={Impacto macroeconômico da mineração no Brasil},
  author={Rocha, Clarissa Machado},
  school={Escola de Economia de São Paulo, Mestrado Profissional em Economia, Faculdade Getulio Vargas},
  address={São Paulo},
  year={2020},
  type={Dissertação (Mestrado)},
  url={https://repositorio.fgv.br/server/api/core/bitstreams/6f0a8039-7f82-4387-9a4d-d26086334600/content},
  urlaccessdate={27 abr. 2025}
}

@phdthesis{alvarenga2023disposicao,
  title={Disposição de rejeitos de mineração: uma revisão},
  author={Alvarenga, Phillipe Silva},
  school={Departamento de Engenharia de Minas, Universidade Federal de Minas Gerais},
  address={Brasil},
  year={2023},
  pages={48},
  type={Monografia (Especialização em Engenharia de Recursos Minerais)},
  url={https://repositorio.ufmg.br/handle/1843/61257},
  urlaccessdate={27 abr. 2025}
}

% Normas técnicas
@manual{abnt1995nbr6502,
  title={NBR 6502: Rochas e solos - Terminologia},
  author={Associação Brasileira de Normas Técnicas ABNT},
  organization={ABNT},
  address={Rio de Janeiro},
  year={1995},
  url={https://engenhariacivilfsp.wordpress.com/wp-content/uploads/2015/02/abnt_nbr_06502\_-\_1995\_-\_rochas_e_solos\_-\_terminologia.pdf},
  urlaccessdate={27 abr. 2025}
}

@manual{abnt2017nbr13028,
  title={NBR 13028: Mineração - Elaboração e apresentação de projeto de barragens para disposição de rejeitos, contenção de sedimentos e reservação de água},
  author={Associação Brasileira de Normas Técnicas ABNT},
  organization={ABNT},
  address={Rio de Janeiro},
  year={2017},
  url={https://blogdopedlowski.com/wp-content/uploads/2019/03/nbr13028-2018.pdf},
  urlaccessdate={27 abr. 2025}
}

% Legislação
@legislation{brasil1967decreto,
  title={Decreto-lei nº 227, de 28 de fevereiro de 1967. Código de Mineração},
  author={BRASIL},
  year={1967},
  publisher={Diário Oficial da União},
  address={Brasília, DF},
  date={28 fev. 1967},
  url={https://www.planalto.gov.br/ccivil_03/decreto-lei/del0227.htm},
  urlaccessdate={27 abr. 2025}
}

@legislation{codigoflorestal1934,
  author = {BRASIL},
  title = {Decreto Federal nº 23.793, de 23 de janeiro de 1934. Approva o codigo florestal que com este baixa},
  year = {1934},
  address = {Rio de Janeiro},
  publisher = {Diário Oficial da União},
  date = {1934-01-23},
  url = {https://www.planalto.gov.br/ccivil_03/decreto/1930-1949/D23793.htm},
  urldate = {2025-04-27}
}

@legislation{codigominas1934,
  author = {BRASIL},
  title = {Decreto Federal nº 24.642, de 10 de julho de 1934. Decreta o Código de Minas},
  year = {1934},
  address = {Rio de Janeiro},
  publisher = {Diário Oficial da União},
  date = {1934-07-10},
  url = {https://www.planalto.gov.br/ccivil_03/decreto/1930-1949/d24642.htm},
  urldate = {2025-04-27}
}

@legislation{codigoaguas1934,
  author = {BRASIL},
  title = {Decreto Federal nº 24.643, de 10 de julho de 1934. Decreta o Código de Águas},
  year = {1934},
  address = {Rio de Janeiro},
  publisher = {Diário Oficial da União},
  date = {1934-07-10},
  url = {https://www.planalto.gov.br/ccivil_03/decreto/D24643compilado.htm},
  urldate = {2025-04-27}
}

@legislation{decreto9406_2018,
  author = {BRASIL},
  title = {Decreto nº 9.406, de 12 de junho de 2018. Regulamenta o Decreto-Lei nº 227, de 28 de fevereiro de 1967, a Lei nº 6.567, de 24 de setembro de 1978, a Lei nº 7.805, de 18 de julho de 1989, e a Lei nº 13.575, de 26 de dezembro de 2017},
  year = {2018},
  address = {Brasília},
  publisher = {Diário Oficial da União},
  date = {2018-06-13},
  url = {https://www.planalto.gov.br/ccivil_03/_Ato2015-2018/2018/Decreto/D9406.htm},
  urldate = {2025-04-27}
}

% Sites e relatórios online
@misc{apc2024industria,
  title={Indústria de mineração no Brasil},
  author={APC Consultoria APC},
  year={2024},
  url={https://apc.com.br/industria/industria-de-mineracao-no-brasil/},
  urlaccessdate={27 abr. 2025}
}

@techreport{ibge2024pib,
  title={PIB cresce 2,9\% em 2023 e fecha o ano em R\$ 10,9 trilhões},
  author={Instituto Brasileiro de Geografia e Estatística IBGE},
  institution={Agência de Notícias},
  year={2024},
  date={1 fev. 2024},
  url={https://agenciadenoticias.ibge.gov.br/agencia-sala-de-imprensa/2013-agencia-de-noticias/releases/39303-pib-cresce-2-9-em-2023-e-fecha-o-ano-em-r-10-9-trilhoes},
  urlaccessdate={1 jul. 2024}
}

@techreport{ibge2025pib,
  title={PIB cresce 3,4\% em 2024 e fecha o ano em R\$ 11,7 trilhões},
  author={Instituto Brasileiro de Geografia e Estatística IBGE},
  institution={Agência de Notícias},
  year={2025},
  date={7 mar. 2025},
  url={https://agenciadenoticias.ibge.gov.br/agencia-sala-de-imprensa/2013-agencia-de-noticias/releases/42774-pib-cresce-3-4-em-2024-e-fecha-o-ano-em-r-11-7-trilhoes},
  urlaccessdate={27 abr. 2025}
}

@misc{ipea2023comunicacao,
  title={Ipea e MME lançam estudo sobre a extensão da cadeia produtiva da mineração no PIB brasileiro},
  author={{IPEA}},
  howpublished={Comunicação},
  year={2023},
  url={https://www.ipea.gov.br/portal/categorias/45-todas-as-noticias/noticias/14835-ipea-e-mme-lancam-estudo-sobre-a-extensao-da-cadeia-produtiva-da-mineracao-no-pib-brasileiro},
  urlaccessdate={12 jul. 2024}
}

@misc{minasjr2019lavra,
  title={Lavra: o que é, métodos, regulamentação},
  author={Minas Jr, Consultoria Mineral MINAS JR},
  howpublished={Site institucional},
  month={may},
  day={17},
  year={2019},
  url={https://www.minasjr.com.br/lavra-o-que-e-metodos-regulamentacao/},
  urlaccessdate={19 de junho de 2024}
}

@misc{rbm2024mineracao,
  title={Mineração - Metalurgia - Siderurgia},
  author={Revista Brasil Mineral RBM},
  howpublished={Revista Brasil Mineral},
  number={436},
  month={jan./fev.},
  year={2024},
  address={São Paulo},
  url={https://www.brasilmineral.com.br/revista/436/Revista%20Brasil%20Mineral%20-%20436.pdf},
  urlaccessdate={27 abr. 2025}
}

@misc{wpr2024mineral,
  title={Mineral Production by Country 2024},
  author={World Population Review WPR},
  year={2024},
  url={https://worldpopulationreview.com/country-rankings/mineral-production-by-country},
  urlaccessdate={16 jun. 2024}
}
